
@inbook{kark2007,
author = {Juha K{\"a}rkk{\"a}inen and Joong Chae Na},
title = {Faster Filters for Approximate String Matching},
booktitle = {2007 Proceedings of the Ninth Workshop on Algorithm Engineering and Experiments (ALENEX)},
chapter = {},
pages = {84-90},
doi = {10.1137/1.9781611972870.8},
URL = {http://epubs.siam.org/doi/abs/10.1137/1.9781611972870.8},
eprint = {http://epubs.siam.org/doi/pdf/10.1137/1.9781611972870.8}
}


@Inbook{vali2010,
author="V{\"a}lim{\"a}ki, Niko
and Ladra, Susana
and M{\"a}kinen, Veli",
editor="Amir, Amihood
and Parida, Laxmi",
title="Approximate All-Pairs Suffix/Prefix Overlaps",
bookTitle="Combinatorial Pattern Matching: 21st Annual Symposium, CPM 2010, New York, NY, USA, June 21-23, 2010. Proceedings",
year="2010",
publisher="Springer Berlin Heidelberg",
address="Berlin, Heidelberg",
pages="76--87",
isbn="978-3-642-13509-5",
doi="10.1007/978-3-642-13509-5_8",
url="http://dx.doi.org/10.1007/978-3-642-13509-5_8"
}



@article{vali2012,
  title={Approximate all-pairs suffix/prefix overlaps},
  author={V{\"a}lim{\"a}ki, Niko and Ladra, Susana and M{\"a}kinen, Veli},
  journal={Information and Computation},
  volume={213},
  pages={49--58},
  year={2012},
  publisher={Elsevier}
}


@Inbook{kuch2014,
author="Kucherov, Gregory
and Tsur, Dekel",
editor="Moura, Edleno
and Crochemore, Maxime",
title="Improved Filters for the Approximate Suffix-Prefix Overlap Problem",
bookTitle="String Processing and Information Retrieval: 21st International Symposium, SPIRE 2014, Ouro Preto, Brazil, October 20-22, 2014. Proceedings",
year="2014",
publisher="Springer International Publishing",
address="Cham",
pages="139--148",
isbn="978-3-319-11918-2",
doi="10.1007/978-3-319-11918-2_14",
url="http://dx.doi.org/10.1007/978-3-319-11918-2_14"
}

@misc{ncbi, title={RefSeq: NCBI Reference Sequence Database}, url={https://www.ncbi.nlm.nih.gov/refseq/}, journal={National Center for Biotechnology Information}, publisher={U.S. National Library of Medicine}
}



@misc{genomeinabottle, title={Genome in a Bottle}, url={https://www.nist.gov/programs-projects/genome-bottle}, journal={NIST}, author={Zook, Justin}, year={2016}, month={Nov}}

@article{fmfordummies,
  title={FM-index for dummies},
  author={Grabowski, Szymon and Raniszewski, Marcin and Deorowicz, Sebastian},
  journal={arXiv preprint arXiv:1506.04896},
  year={2015}
}

@article{bwtalign,
  title={Fast and accurate short read alignment with Burrows--Wheeler transform},
  author={Li, Heng and Durbin, Richard},
  journal={Bioinformatics},
  volume={25},
  number={14},
  pages={1754--1760},
  year={2009},
  publisher={Oxford Univ Press}
}

@article{err_rates,
author = {Laehnemann, David and Borkhardt, Arndt and McHardy, Alice Carolyn},
title = {Denoising DNA deep sequencing dataâ€”high-throughput sequencing errors and their correction},
journal = {Briefings in Bioinformatics},
volume = {17},
number = {1},
pages = {154},
year = {2016},
doi = {10.1093/bib/bbv029},
URL = { + http://dx.doi.org/10.1093/bib/bbv029},
eprint = {}
}

@article{substring_myers,
  title={A sublinear algorithm for approximate keyword searching},
  author={Myers, Eugene W},
  journal={Algorithmica},
  volume={12},
  number={4},
  pages={345--374},
  year={1994},
  publisher={Springer}
}

@article{substring_yates,
  title={A hybrid indexing method for approximate string matching},
  author={Yates, BR and Navarro, G},
  journal={Journal of Discrete Algorithms, Special Issue on String matching Patterns},
  pages={1--35},
  year={2001}
}

@article{minimap,
  title={Minimap and miniasm: fast mapping and de novo assembly for noisy long sequences},
  author={Li, Heng},
  journal={Bioinformatics},
  pages={btw152},
  year={2016},
  publisher={Oxford Univ Press}
}

@inproceedings{lam,
  title={High throughput short read alignment via bi-directional BWT},
  author={Lam, Tak Wah and Li, Ruiqiang and Tam, Alan and Wong, Simon and Wu, Edward and Yiu, Siu-Ming},
  booktitle={Bioinformatics and Biomedicine, 2009. BIBM'09. IEEE International Conference on},
  pages={31--36},
  year={2009},
  organization={IEEE}
}

@inproceedings{rustlang,
  title={The rust language},
  author={Matsakis, Nicholas D and Klock II, Felix S},
  booktitle={ACM SIGAda Ada Letters},
  volume={34},
  number={3},
  pages={103--104},
  year={2014},
  organization={ACM}
}

@article{blast,
  title={Basic local alignment search tool},
  author={Altschul, Stephen F and Gish, Warren and Miller, Webb and Myers, Eugene W and Lipman, David J},
  journal={Journal of molecular biology},
  volume={215},
  number={3},
  pages={403--410},
  year={1990},
  publisher={Elsevier}
}